<record><leader>00000cas a2200000 a 4500</leader><controlfield tag="001">16722144</controlfield><controlfield tag="008">870921d183u183uohuwr ne      0    0eng d</controlfield><datafield ind1=" " ind2=" " tag="010"><subfield code="a">sn 87060332 </subfield></datafield><datafield ind1=" " ind2=" " tag="040"><subfield code="a">KNP</subfield><subfield code="b">eng</subfield><subfield code="c">KNP</subfield><subfield code="d">ONP</subfield><subfield code="d">KNP</subfield><subfield code="d">ONP</subfield><subfield code="d">KNP</subfield><subfield code="d">OCL</subfield><subfield code="d">OCLCQ</subfield><subfield code="d">OCLCF</subfield><subfield code="d">OCLCO</subfield></datafield><datafield ind1=" " ind2=" " tag="042"><subfield code="a">msc</subfield></datafield><datafield ind1=" " ind2=" " tag="043"><subfield code="a">n-us-oh</subfield></datafield><datafield ind1="0" ind2="0" tag="245"><subfield code="a">Bellefontaine (Ohio) gazette and Logan County advertiser.</subfield></datafield><datafield ind1="3" ind2="0" tag="246"><subfield code="a">Bellefontaine Ohio gazette</subfield></datafield><datafield ind1="3" ind2="0" tag="246"><subfield code="a">Logan County advertiser</subfield></datafield><datafield ind1="3" ind2="0" tag="246"><subfield code="a">Bellefontaine O. gazette</subfield></datafield><datafield ind1=" " ind2=" " tag="260"><subfield code="a">Bellefontaine [Ohio] :</subfield><subfield code="b">H.B. Strother</subfield></datafield><datafield ind1=" " ind2=" " tag="300"><subfield code="a">v. :</subfield><subfield code="b">ill.</subfield></datafield><datafield ind1=" " ind2=" " tag="310"><subfield code="a">Weekly</subfield></datafield><datafield ind1=" " ind2=" " tag="500"><subfield code="a">Published as: Bellefontaine O. gazette, July 7, 1838.</subfield></datafield><datafield ind1=" " ind2=" " tag="588"><subfield code="a">Description based on: Vol. 5, no. 46 (Jan. 30, 1836).</subfield></datafield><datafield ind1=" " ind2="0" tag="651"><subfield code="a">Bellefontaine (Ohio)</subfield><subfield code="v">Newspapers.</subfield></datafield><datafield ind1=" " ind2="0" tag="651"><subfield code="a">Logan County (Ohio)</subfield><subfield code="v">Newspapers.</subfield></datafield><datafield ind1=" " ind2="7" tag="655"><subfield code="a">Newspapers.</subfield><subfield code="2">fast</subfield><subfield code="0">(OCoLC)fst01423814</subfield></datafield><datafield ind1=" " ind2="7" tag="651"><subfield code="a">Ohio</subfield><subfield code="z">Bellefontaine.</subfield><subfield code="2">fast</subfield><subfield code="0">(OCoLC)fst01222372</subfield></datafield><datafield ind1=" " ind2="7" tag="651"><subfield code="a">Ohio</subfield><subfield code="z">Logan County.</subfield><subfield code="2">fast</subfield><subfield code="0">(OCoLC)fst01209716</subfield></datafield><datafield ind1=" " ind2=" " tag="752"><subfield code="a">United States</subfield><subfield code="b">Ohio</subfield><subfield code="c">Logan</subfield><subfield code="d">Bellefontaine.</subfield></datafield><datafield ind1="0" ind2="0" tag="780"><subfield code="t">Bellefontaine gazette and Logan County advertiser</subfield><subfield code="w">(DLC)sn 91069985</subfield></datafield><datafield ind1="0" ind2="0" tag="785"><subfield code="t">Bellefontaine gazette (Bellefontaine, Ohio : 1838)</subfield><subfield code="w">(DLC)sn 87060333</subfield></datafield></record>